@STRING(PRL="Phys. Rev. Lett.")
@STRING(RMP="Rev. Mod. Phys.")
 
@article{MLS:qhe,
  author  = {Steven J. Miller}, 
  title   = {The Method of Least Squares}
}

@article{Met:qhe,
  author  = {Alexei Botchkarev}, 
  title   = {Performance Metrics (Error Measures) in Machine Learning Regression, Forecasting and
Prognostics: Properties and Typology
}
}